<record xmlns="http://www.loc.gov/MARC21/slim" xmlns:xsi="http://www.w3.org/2001/XMLSchema-instance" xsi:schemaLocation="http://www.loc.gov/MARC21/slim http://www.loc.gov/standards/marcxml/schema/MARC21slim.xsd"><leader>     nam a22        4500</leader><controlfield tag="001">3071303</controlfield><controlfield tag="003">NNC</controlfield><controlfield tag="006">m        d        </controlfield><controlfield tag="007">cr cn |||m|||a</controlfield><controlfield tag="008">150601s1946    ua      ob    000 0 araod</controlfield><datafield ind1=" " ind2=" " tag="040"><subfield code="a">NNU</subfield><subfield code="b">eng</subfield><subfield code="e">rda</subfield><subfield code="c">NNU</subfield></datafield><datafield ind1=" " ind2="4" tag="050"><subfield code="a">PJ7745</subfield><subfield code="b">.I13 M98 A16 1946</subfield></datafield><datafield ind1="1" ind2=" " tag="100"><subfield code="6">880-01</subfield><subfield code="a">Ibn al-Mu&#699;tazz, &#699;Abd Alla&#772;h,</subfield><subfield code="d">861-908.</subfield></datafield><datafield ind1="1" ind2="0" tag="245"><subfield code="6">880-02</subfield><subfield code="a">Rasa&#772;&#700;il Ibn al-Mu&#699;tazz fi&#772; al-naqd wa-al-adab wa-al-ijtima&#772;&#699; /</subfield><subfield code="c">jam&#699; wa-tah&#803;qi&#772;q Muh&#803;ammad &#699;Abd al-Mun&#699;im Khafa&#772;ji&#772;.</subfield></datafield><datafield ind1=" " ind2=" " tag="250"><subfield code="6">880-03</subfield><subfield code="a">al-T&#803;ab&#699;ah 1.</subfield></datafield><datafield ind1=" " ind2=" " tag="260"><subfield code="6">880-04</subfield><subfield code="a">Mis&#803;r :</subfield><subfield code="b">Mus&#803;t&#803;afa&#769; al-Ba&#772;bi&#772; al-H&#803;alabi&#772;,</subfield><subfield code="c">1946.</subfield></datafield><datafield ind1=" " ind2=" " tag="300"><subfield code="a">online resource (144 pages)</subfield></datafield><datafield ind1=" " ind2=" " tag="336"><subfield code="a">text</subfield><subfield code="2">rdacontent</subfield></datafield><datafield ind1=" " ind2=" " tag="337"><subfield code="a">computer</subfield><subfield code="2">rdamedia</subfield></datafield><datafield ind1=" " ind2=" " tag="338"><subfield code="a">online resource</subfield><subfield code="2">rdacarrier</subfield></datafield><datafield ind1=" " ind2=" " tag="500"><subfield code="a">Part of the Arabic Collections Online (ACO) project, contributed by Columbia University Libraries.</subfield></datafield><datafield ind1=" " ind2=" " tag="504"><subfield code="a">Includes bibliographical references.</subfield></datafield><datafield ind1=" " ind2=" " tag="533"><subfield code="a">Electronic reproduction.</subfield><subfield code="b">New York, N.Y. :</subfield><subfield code="c">New York University,</subfield><subfield code="d">2015.</subfield><subfield code="5">NNU</subfield></datafield><datafield ind1="1" ind2="0" tag="600"><subfield code="6">880-05</subfield><subfield code="a">Ibn al-Mu&#699;tazz, &#699;Abd Alla&#772;h,</subfield><subfield code="d">861-908.</subfield></datafield><datafield ind1=" " ind2="0" tag="650"><subfield code="a">Arabic poetry</subfield><subfield code="y">750-1258.</subfield></datafield><datafield ind1=" " ind2="7" tag="650"><subfield code="a">Poe&#769;sie arabe</subfield><subfield code="y">750-1258</subfield><subfield code="x">Histoire et critique.</subfield><subfield code="2">ram</subfield></datafield><datafield ind1=" " ind2="7" tag="650"><subfield code="a">Litte&#769;rature arabe</subfield><subfield code="y">0750-1258</subfield><subfield code="x">Histoire et critique.</subfield><subfield code="2">ram</subfield></datafield><datafield ind1="1" ind2="7" tag="600"><subfield code="a">Ibn al-Mu&#699;tazz, &#699;Abd Alla&#772;h,</subfield><subfield code="d">861-908</subfield><subfield code="2">fast</subfield><subfield code="0">(OCoLC)fst00038440</subfield></datafield><datafield ind1=" " ind2="7" tag="650"><subfield code="a">Arabic poetry.</subfield><subfield code="2">fast</subfield><subfield code="0">(OCoLC)fst00812533</subfield></datafield><datafield ind1=" " ind2="7" tag="648"><subfield code="a">750 - 1258</subfield><subfield code="2">fast</subfield></datafield><datafield ind1="1" ind2=" " tag="700"><subfield code="6">880-06</subfield><subfield code="a">Khafa&#772;ji&#772;, Muh&#803;ammad &#699;Abd al-Mun&#699;im,</subfield><subfield code="e">editor. </subfield></datafield><datafield ind1="2" ind2=" " tag="710"><subfield code="a">Columbia University.</subfield><subfield code="b">Libraries.</subfield></datafield><datafield ind1="0" ind2=" " tag="730"><subfield code="a">Arabic Collections Online.</subfield></datafield><datafield ind1="0" ind2="8" tag="776"><subfield code="i">Online version:</subfield><subfield code="a">Ibn al-Mu&#699;tazz, &#699;Abd Alla&#772;h, 861-908.</subfield><subfield code="t">Rasa&#772;&#700;il Ibn al-Mu&#699;tazz fi&#772; al-naqd wa-al-adab wa-al-ijtima&#772;&#699;.</subfield><subfield code="b">al-T&#803;ab&#699;ah 1.</subfield><subfield code="d">Mis&#803;r : Mus&#803;t&#803;afa&#769; al-Ba&#772;bi&#772; al-H&#803;alabi&#772;, 1946</subfield><subfield code="w">(OCoLC)582875709</subfield></datafield><datafield ind1="0" ind2="8" tag="776"><subfield code="i">Print version:</subfield><subfield code="a">Ibn al-Mu&#699;tazz, &#699;Abd Alla&#772;h, 861-908.</subfield><subfield code="t">Rasa&#772;&#700;il Ibn al-Mu&#699;tazz fi&#772; al-naqd wa-al-adab wa-al-ijtima&#772;&#699;</subfield><subfield code="w">(NNC)3071303</subfield><subfield code="w">(OCoLC)23508139</subfield></datafield><datafield ind1="4" ind2="0" tag="856"><subfield code="u">http://hdl.handle.net/2333.1/jm63xvzd</subfield></datafield><datafield ind1="1" ind2=" " tag="880"><subfield code="6">100-01/r</subfield><subfield code="a">&#1575;&#1576;&#1606; &#1575;&#1604;&#1605;&#1593;&#1578;&#1586;&#1548; &#1593;&#1576;&#1583; &#1575;&#1604;&#1604;&#1607;&#1548;</subfield><subfield code="d">861-908.</subfield></datafield><datafield ind1="1" ind2="0" tag="880"><subfield code="6">245-02/r</subfield><subfield code="a">&#1585;&#1587;&#1575;&#1574;&#1604; &#1575;&#1576;&#1606; &#1575;&#1604;&#1605;&#1593;&#1578;&#1586; &#1601;&#1610; &#1575;&#1604;&#1606;&#1602;&#1583; &#1608;&#1575;&#1604;&#1571;&#1583;&#1576; &#1608;&#1575;&#1604;&#1575;&#1580;&#1578;&#1605;&#1575;&#1593; /</subfield><subfield code="c">&#1580;&#1605;&#1593; &#1608;&#1578;&#1581;&#1602;&#1610;&#1602; &#1605;&#1581;&#1605;&#1583; &#1593;&#1576;&#1583; &#1575;&#1604;&#1605;&#1606;&#1593;&#1605; &#1582;&#1601;&#1575;&#1580;&#1610;.</subfield></datafield><datafield ind1=" " ind2=" " tag="880"><subfield code="6">250-03/r</subfield><subfield code="a">&#1575;&#1604;&#1591;&#1576;&#1593;&#1577; 1.</subfield></datafield><datafield ind1=" " ind2=" " tag="880"><subfield code="6">260-04/r</subfield><subfield code="a">&#1605;&#1589;&#1585; :</subfield><subfield code="b">&#1605;&#1603;&#1578;&#1576;&#1577; &#1608;&#1605;&#1591;&#1576;&#1593;&#1577; &#1605;&#1589;&#1591;&#1601;&#1609; &#1575;&#1604;&#1576;&#1575;&#1576;&#1610; &#1575;&#1604;&#1581;&#1604;&#1576;&#1610; &#1608;&#1571;&#1608;&#1604;&#1575;&#1583;&#1607;&#1548;</subfield><subfield code="c">1946.</subfield></datafield><datafield ind1="1" ind2="4" tag="880"><subfield code="6">600-05/r</subfield><subfield code="a">&#1575;&#1576;&#1606; &#1575;&#1604;&#1605;&#1593;&#1578;&#1586;&#1548; &#1593;&#1576;&#1583; &#1575;&#1604;&#1604;&#1607;&#1548;</subfield><subfield code="d">861-908.</subfield></datafield><datafield ind1="1" ind2=" " tag="880"><subfield code="6">700-06/r</subfield><subfield code="a">&#1582;&#1601;&#1575;&#1580;&#1610;&#1548; &#1605;&#1581;&#1605;&#1583; &#1593;&#1576;&#1583; &#1575;&#1604;&#1605;&#1606;&#1593;&#1605;.</subfield></datafield><datafield ind1=" " ind2=" " tag="959"><subfield code="a">NNU</subfield><subfield code="b">WEB</subfield><subfield code="c">GENI</subfield><subfield code="t">0</subfield><subfield code="m">Electronic access</subfield><subfield code="s">01</subfield></datafield><datafield ind1=" " ind2=" " tag="999"><subfield code="i">NNC_3071303</subfield><subfield code="o">(OCoLC)ocm23508139</subfield><subfield code="s">columbia_aco000525</subfield><subfield code="e">(ERROR-880)</subfield><subfield code="s">columbia_aco000525</subfield></datafield></record>